<record><leader>01185crm a2200265 a 4500</leader><controlfield tag="001">1302673</controlfield><controlfield tag="008">900724s1985    abc               aneng c</controlfield><datafield ind1=" " ind2=" " tag="035"><subfield code="a">ocm70303180</subfield></datafield><datafield ind1=" " ind2=" " tag="040"><subfield code="b">eng</subfield></datafield><datafield ind1=" " ind2=" " tag="049"><subfield code="a">AEU</subfield><subfield code="b">eng</subfield></datafield><datafield ind1=" " ind2="3" tag="055"><subfield code="a">N 7433.35 C2</subfield><subfield code="b">C614 1985</subfield></datafield><datafield ind1="0" ind2=" " tag="090"><subfield code="a">N 7433.35 C2 C614 1985</subfield></datafield><datafield ind1="0" ind2="0" tag="245"><subfield code="a">Classless 1985</subfield><subfield code="h">[realia]</subfield></datafield><datafield ind1=" " ind2=" " tag="260"><subfield code="c">1985.</subfield></datafield><datafield ind1=" " ind2=" " tag="300"><subfield code="a">16 class projects :</subfield><subfield code="b">col. ;</subfield><subfield code="c">in container, 24 x 4 x 27 cm.</subfield></datafield><datafield ind1=" " ind2=" " tag="336"><subfield code="a">three-dimensional form</subfield><subfield code="b">tdf</subfield><subfield code="2">rdacontent</subfield></datafield><datafield ind1=" " ind2=" " tag="338"><subfield code="a">object</subfield><subfield code="b">nr</subfield><subfield code="2">rdacarrier</subfield></datafield><datafield ind1="1" ind2=" " tag="490"><subfield code="a">[Class projects / University of Alberta, Dept. of Art &amp; Design]</subfield></datafield><datafield ind1=" " ind2=" " tag="500"><subfield code="a">Title from container.</subfield></datafield><datafield ind1=" " ind2=" " tag="500"><subfield code="a">Sixteen class projects made in 1985 by students of Design 492 (Visual Communication Design), Visual Communication Design Division, Dept. of Art and Design, University of Alberta. Instructor: Peter Bartl.</subfield></datafield><datafield ind1=" " ind2=" " tag="596"><subfield code="a">50</subfield></datafield><datafield ind1="1" ind2=" " tag="700"><subfield code="a">Bartl, Peter</subfield><subfield code="q">(Peter F.).</subfield></datafield><datafield ind1="2" ind2=" " tag="710"><subfield code="a">University of Alberta.</subfield><subfield code="b">Dept. of Art and Design.</subfield><subfield code="b">Visual Communication Design Division.</subfield></datafield><datafield ind1="2" ind2=" " tag="810"><subfield code="a">University of Alberta.</subfield><subfield code="b">Dept. of Art and Design.</subfield><subfield code="t">Class projects.</subfield></datafield><datafield ind1=" " ind2=" " tag="926"><subfield code="a">N 7433.35 C2 C614 1985</subfield><subfield code="w">LC</subfield><subfield code="c">1</subfield><subfield code="i">000033193699</subfield><subfield code="l">SPECIALCOL</subfield><subfield code="m">UASPCOLL</subfield><subfield code="p">$150.00</subfield><subfield code="r">Y</subfield><subfield code="s">Y</subfield><subfield code="t">NO_LOAN</subfield><subfield code="u">8/3/1990</subfield></datafield></record>